@inproceedings{Gelderen1998TheSO,
  title={The shift operators and translations of spherical harmonics},
  author={Martin van Gelderen},
  year={1998}
}
@article{ForemanMackey2013emceeTM,
  title={emcee: The MCMC Hammer},
  author={Daniel Foreman-Mackey and David W. Hogg and Dustin Lang and Jonathan B. Goodman},
  journal={Publications of the Astronomical Society of the Pacific},
  year={2013},
  volume={125},
  pages={306-312}
}
